<record><leader>00000cas a22000007a 4500</leader><controlfield tag="001">9357532</controlfield><controlfield tag="008">830329d18651945txuwr ne      0    0ger d</controlfield><datafield ind1=" " ind2=" " tag="010"><subfield code="a">sn 83045227 </subfield></datafield><datafield ind1=" " ind2=" " tag="040"><subfield code="a">CRL</subfield><subfield code="b">eng</subfield><subfield code="c">CRL</subfield><subfield code="d">NPW</subfield><subfield code="d">NPX</subfield><subfield code="d">NPU</subfield><subfield code="d">DLC</subfield><subfield code="d">PPM</subfield><subfield code="d">NPI</subfield><subfield code="d">PPM</subfield><subfield code="d">YOX</subfield><subfield code="d">PPM</subfield><subfield code="d">MGN</subfield><subfield code="d">YOX</subfield><subfield code="d">MGN</subfield><subfield code="d">CRL</subfield><subfield code="d">OCLCQ</subfield><subfield code="d">KRTAS</subfield><subfield code="d">OCLCQ</subfield><subfield code="d">OCLCF</subfield><subfield code="d">OCLCO</subfield><subfield code="d">OCLCQ</subfield><subfield code="d">OCLCO</subfield><subfield code="d">OCLCA</subfield></datafield><datafield ind1="1" ind2=" " tag="029"><subfield code="a">AU@</subfield><subfield code="b">000025810488</subfield></datafield><datafield ind1="0" ind2=" " tag="041"><subfield code="a">ger</subfield><subfield code="a">eng</subfield></datafield><datafield ind1=" " ind2=" " tag="042"><subfield code="a">msc</subfield></datafield><datafield ind1=" " ind2=" " tag="043"><subfield code="a">n-us-tx</subfield></datafield><datafield ind1="0" ind2="0" tag="050"><subfield code="a">Newspaper 7002</subfield></datafield><datafield ind1="0" ind2=" " tag="130"><subfield code="a">Freie Presse fu&#776;r Texas (San Antonio, Tex. : 1865)</subfield></datafield><datafield ind1="1" ind2="0" tag="245"><subfield code="a">Freie Presse fu&#776;r Texas.</subfield></datafield><datafield ind1="3" ind2="1" tag="246"><subfield code="a">Free press for Texas</subfield></datafield><datafield ind1=" " ind2=" " tag="260"><subfield code="a">San Antonio, Tex. :</subfield><subfield code="b">H. Pollmar,</subfield><subfield code="c">1865-</subfield></datafield><datafield ind1=" " ind2=" " tag="300"><subfield code="a">volumes :</subfield><subfield code="b">illustrations ;</subfield><subfield code="c">54 cm</subfield></datafield><datafield ind1=" " ind2=" " tag="310"><subfield code="a">Weekly</subfield></datafield><datafield ind1=" " ind2=" " tag="321"><subfield code="a">Semiweekly,</subfield><subfield code="b">May 4, 1923-May 1, 1931</subfield></datafield><datafield ind1=" " ind2=" " tag="336"><subfield code="a">text</subfield><subfield code="b">txt</subfield><subfield code="2">rdacontent</subfield></datafield><datafield ind1=" " ind2=" " tag="337"><subfield code="a">unmediated</subfield><subfield code="b">n</subfield><subfield code="2">rdamedia</subfield></datafield><datafield ind1=" " ind2=" " tag="338"><subfield code="a">volume</subfield><subfield code="b">nc</subfield><subfield code="2">rdacarrier</subfield></datafield><datafield ind1="0" ind2=" " tag="362"><subfield code="a">Vol. 1, no. 1 (July 15, 1865)-</subfield></datafield><datafield ind1="1" ind2=" " tag="362"><subfield code="a">Ceased in Oct. 1945.</subfield></datafield><datafield ind1=" " ind2=" " tag="500"><subfield code="a">"Wochenblatt."</subfield></datafield><datafield ind1=" " ind2=" " tag="500"><subfield code="a">Issues for &lt;Feb. 19, 1932&gt;- have English title: Free press for Texas.</subfield></datafield><datafield ind1=" " ind2=" " tag="500"><subfield code="a">Editor: A. Siemering, Dr. Herzberg, &lt;1873-1874&gt;.</subfield></datafield><datafield ind1=" " ind2=" " tag="530"><subfield code="a">Also issued on microfilm: Austin, Texas : The University of Texas at Austin, Center for American History and Center for Research Libraries.</subfield></datafield><datafield ind1=" " ind2=" " tag="546"><subfield code="a">In German and English.</subfield></datafield><datafield ind1=" " ind2=" " tag="580"><subfield code="a">Daily eds: Ta&#776;gliche Freie Presse fu&#776;r Texas, 1875-1877; Freie Presse fu&#776;r Texas, 1877-1918.</subfield></datafield><datafield ind1=" " ind2=" " tag="580"><subfield code="a">Also published in tri-weekly edition: Freie Presse fu&#776;r Texas, (San Antonio, Tex. : 1866), 1866-1875.</subfield></datafield><datafield ind1=" " ind2=" " tag="588"><subfield code="a">Description based on: Jahrg. 3, Nr. 6 (17 Aug. 1867).</subfield></datafield><datafield ind1=" " ind2="0" tag="650"><subfield code="a">Germans</subfield><subfield code="z">Texas</subfield><subfield code="v">Newspapers.</subfield></datafield><datafield ind1=" " ind2="0" tag="650"><subfield code="a">German Americans</subfield><subfield code="z">Texas</subfield><subfield code="v">Newspapers.</subfield></datafield><datafield ind1=" " ind2="0" tag="651"><subfield code="a">San Antonio (Tex.)</subfield><subfield code="v">Newspapers.</subfield></datafield><datafield ind1=" " ind2="7" tag="650"><subfield code="a">German Americans.</subfield><subfield code="2">fast</subfield><subfield code="0">(OCoLC)fst00941308</subfield></datafield><datafield ind1=" " ind2="7" tag="650"><subfield code="a">Germans.</subfield><subfield code="2">fast</subfield><subfield code="0">(OCoLC)fst00942100</subfield></datafield><datafield ind1=" " ind2="7" tag="651"><subfield code="a">Texas.</subfield><subfield code="2">fast</subfield><subfield code="0">(OCoLC)fst01210336</subfield></datafield><datafield ind1=" " ind2="7" tag="651"><subfield code="a">Texas</subfield><subfield code="z">San Antonio.</subfield><subfield code="2">fast</subfield><subfield code="0">(OCoLC)fst01205169</subfield></datafield><datafield ind1=" " ind2="7" tag="655"><subfield code="a">Newspapers.</subfield><subfield code="2">fast</subfield><subfield code="0">(OCoLC)fst01423814</subfield></datafield><datafield ind1=" " ind2=" " tag="752"><subfield code="a">United States</subfield><subfield code="b">Texas</subfield><subfield code="c">Bexar</subfield><subfield code="d">San Antonio.</subfield></datafield><datafield ind1="1" ind2=" " tag="775"><subfield code="t">Ta&#776;gliche freie Presse fu&#776;r Texas</subfield><subfield code="w">(DLC)sn 84022090</subfield><subfield code="w">(OCoLC)10280123</subfield></datafield><datafield ind1="1" ind2=" " tag="775"><subfield code="t">Freie Presse fu&#776;r Texas (San Antonio, Tex. : 1877)</subfield><subfield code="w">(DLC)sn 84022089</subfield><subfield code="w">(OCoLC)10280082</subfield></datafield><datafield ind1="1" ind2=" " tag="775"><subfield code="t">Freie Presse fu&#776;r Texas (San Antonio, Tex. : 1866)</subfield><subfield code="w">(OCoLC)14153707</subfield><subfield code="w">(DLC)sn 86088696</subfield><subfield code="w">(OCoLC)14153707</subfield></datafield><datafield ind1=" " ind2=" " tag="938"><subfield code="a">Kirtas Technologies, Inc.</subfield><subfield code="b">KRTS</subfield><subfield code="n">736384</subfield></datafield></record>